This file was created with JabRef 2.2b2.
Encoding: GBK
%%%%%%%%%%%%%%%%%%%%%%%%%%%%%%%%%%%%%%%%%%%%%%%%%%%%%%%%%%%%%%%%%%%%%%%%%%%%%%%%%%%%%%%%%%%%%%%%%%%%%%%%%%%%%%%%%%%%%%%%%%%%%%%%%%%%%%%%%%%%%%%%%%%%%%%%%%%%%%%%%%%%%%%%%%%%%%%%%
%%%%%%%%%%%%%%%%%%%%%%%%%%%%%%%%%%%%%%%%%%%%%%%%%%%%%%%%%        PAPERS_of_Basic_Theory            %%%%%%%%%%%%%%%%%%%%%%%%%%%%%%%%%%%%%%%%%%%%%%%%%%%%%%%%%%
@BOOK{Zhu_Tuishilu-I,
	author = {朱家溍-著},
	editor = {},
	title = {故宫退食录{\rm(上、下)}},
	publisher = {北京出版社},
	year = {1999},
	address = {北京},
	edition = {1st},
	volume = {},
	number = {},
	series = {},
	month = {},
	note = {},
	otherinfo = {}
}

@BOOK{Zhu_Tuishilu-II,
	author = {朱家溍-著},
	editor = {},
	title = {故宫退食录{\rm(上、下)}},
	publisher = {紫禁城出版社},
	year = {2009},
	address = {北京},
	edition = {2st},
	volume = {},
	number = {},
	series = {},
	month = {},
	note = {},
	otherinfo = {}
}

@BOOK{Liu_Xinxu-I,
	author = {刘曾复-编著、屠楚材-记谱},
	editor = {},
	title = {京剧新序},
	publisher = {燕山出版社},
	year = {1999},
	address = {北京},
	edition = {1st},
	volume = {},
	number = {},
	series = {},
	month = {},
	note = {},
	otherinfo = {}
}

@BOOK{Liu_Xinxu-II,
	author = {刘曾复-编著、屠楚材-记谱},
	editor = {娄悦、何毅-整理},
	title = {京剧新序{\rm(修订版)}},
	publisher = {学苑出版社},
	year = {2009},
	address = {北京},
	edition = {2st},
	volume = {},
	number = {},
	series = {},
	month = {},
	note = {},
	otherinfo = {}
}

@BOOK{Liu_Shuoxi,
	author = {刘曾复-传述},
	editor = {姜骏、樊百乐、钟锦-整理编校},
	title = {刘曾复说戏剧本集},
	publisher = {华东师范大学出版社},
	year = {2015},
	address = {上海},
	edition = {1st},
	volume = {},
	number = {},
	series = {},
	month = {},
	note = {},
	otherinfo = {}
}

@BOOK{Wu_Wenlu-I,
	author = {吴小如-著},
	editor = {},
	title = {吴小如戏曲文录},
	publisher = {北京大学出版社},
	year = {1995},
	address = {北京},
	edition = {1st},
	volume = {},
	number = {},
	series = {},
	month = {},
	note = {},
	otherinfo = {}
}

@BOOK{Wu_Wenlu-II,
	author = {吴小如-著},
	editor = {},
	title = {吴小如戏曲随笔集补编},
	publisher = {天津古籍出版社},
	year = {2006},
	address = {天津},
	edition = {1st},
	volume = {},
	number = {},
	series = {},
	month = {},
	note = {},
	otherinfo = {}
}

@BOOK{Dictionary,
	author = {},
	editor = {吴同宾、周亚勋-主编},
	title = {京剧知识词典},
	publisher = {天津人民出版社},
	year = {2007},
	address = {天津},
	edition = {增订版},
	volume = {},
	number = {},
	series = {},
	month = {},
	note = {},
	otherinfo = {}
}

@BOOK{CWFCQB,
	author = {},
	editor = {首都图书馆},
	title = {清车王府藏曲本(全印本)},
	publisher = {学苑出版社-编辑},
	year = {2001},
	address = {北京},
	edition = {},
	volume = {},
	number = {},
	series = {},
	month = {},
	note = {},
	otherinfo = {}
}
@ARTICLE{XQYS1-32_1983,
	author = {刘曾复、王世续、王金彦},
	title = {京剧老生把子见闻录},
	journal = {戏曲艺术},
	year = {1983},
	volume = {第一期},
	number = {},
	pages = {32},
	month = {},
	note = {},
	otherinfo = {}
}

@ARTICLE{ZGXJ1-57_1993,
	author = {刘曾复},
	title = {京剧书文指伪录},
	journal = {中国戏剧},
	year = {1993},
	volume = {第01期},
	number = {},
	pages = {57},
	month = {},
	note = {},
	otherinfo = {}
}

@MISC{OldRecords,
	author = {},
	title = {“中国京剧老唱片”网站},
	howpublished = {},
	month = {},
	year = {},
	note = {},
	url  = {http://oldrecords.xikao.com},
        type = {Web Page},
	otherinfo = {}
}

@Book{Jingju-Huibian-1,
  Title                    = {《京剧汇编(1-109集)》},
  Author                   = {北京戏曲编导委员会(1-95集); 北京市戏曲研究所(96-109集)-编},
  Publisher                = {北京出版社},
  Year                     = {1957-1985},

  Address                  = {北京},
  Series                   = {《京剧汇编(1-109集)》},

  Owner                    = {Jun_Jiang},
  Timestamp                = {2015.05.20},
  Type                     = {Book}
}

@Book{Meng-Shuoxi,
  Title                    = {《余派戏词钱氏辑粹——孟小冬说戏珍本》},
  Author                   = {李炳莘(台湾)-编著},
  Publisher                = {无出版社},
  Year                     = {1995},

  Address                  = {天津},
  Edition                  = {2},

  Owner                    = {Jun_Jiang},
  Timestamp                = {2015.05.20},
  Type                     = {Book}
}

@Book{Li-SheyiSuode,
  Title                    = {《涉艺所得》},
  Author                   = {李舒-编著},
  Publisher                = {(内部刊印)},
  Year                     = {2011},

  Address                  = {北京},

  Owner                    = {Jun_Jiang},
  Timestamp                = {2015.05.20},
  Type                     = {Book}
}

@Misc{Liu-Shuoxi,
  Title                    = {刘曾复教授说戏系列录音},

  Author                   = {刘曾复},
  Note                     = {王汐,陈超,樊百乐,刘新阳,姜骏},

  Owner                    = {Jun_Jiang},
  Timestamp                = {2015.05.20},
  Type                     = {Generic}
}

@Book{Liu-Wencun,
  Title                    = {《刘曾复京剧文存》},
  Author                   = {刘曾复-著},
  Editor                   = {娄悦-编},
  Publisher                = {学苑出版社},
  Year                     = {2013},

  Address                  = {北京},

  Owner                    = {Jun_Jiang},
  Timestamp                = {2015.05.20},
  Type                     = {Book}
}

@Book{Liu-Lianpu,
  Title                    = {京剧脸谱图说},
  Author                   = {刘曾复-著},
  Publisher                = {燕山出版社},
  Year                     = {1990},

  Address                  = {北京},

  Owner                    = {Jun_Jiang},
  Timestamp                = {2015.05.20},
  Type                     = {Book}
}

@Book{Mei-Remember,
  Title                    = {《梅兰芳回忆录:~舞台生活四十年》},
  Author                   = {梅兰芳-述; 许姬传、许源来、朱家溍-记},
  Publisher                = {团结出版社},
  Year                     = {2006},

  Address                  = {北京},

  Owner                    = {Jun_Jiang},
  Timestamp                = {2015.05.20},
  Type                     = {Book}
}

@Book{Jingju-Huibian-2,
  Title                    = {《传统剧目汇编》},
  Author                   = {上海传统剧目编辑委员会-编},
  Editor                   = {上海传统剧目编辑委员会},
  Publisher                = {上海文艺出版社},
  Year                     = {1959-1963},

  Address                  = {上海},

  Owner                    = {Jun_Jiang},
  Timestamp                = {2015.05.20},
  Type                     = {Book}
}

@MastersThesis{Xu-MasterThesis,
  Title                    = {“表演与文学——秋胡戏妻故事演变研究”},
  Author                   = {徐芃},
  Year                     = {2002},
  Type                     = {硕士研究室学位论文},

  Owner                    = {Jun_Jiang},
  Timestamp                = {2015.05.20},
  University               = {北京大学}
}

@Book{Jingju-Yanpai,
  Title                    = {《言派唱腔琴谱集》},
  Author                   = {张伟品、吴焕-编著; 周贝来-记谱},
  Publisher                = {人民音乐出版社},
  Year                     = {2007},

  Address                  = {北京},

  Owner                    = {Jun_Jiang},
  Timestamp                = {2015.05.20},
  Type                     = {Book}
}

@InCollection{Jingju-Huibian,
  Title                    = {《京剧汇编(1-109集)》},
  Booktitle                = {《京剧汇编(1-109集)》},
  Publisher                = {北京出版社},
  Year                     = {1957-1985},

  Address                  = {北京},
  Editor                   = {北京戏曲编导委员会(1-95集),北京戏曲研究所(96-109集)},
  Series                   = {109},
  Volume                   = {1-95,96-109},

  Owner                    = {Jun_Jiang},
  Timestamp                = {2015.05.20}
}

@Book{Chai-DaXikao,
  Title                    = {《京剧大戏考》},
  Editor                   = {柴俊为-主编; 吴小如-审订},
  Publisher                = {学林出版社},
  Year                     = {2004},

  Address                  = {上海},

  Owner                    = {Jun_Jiang},
  Timestamp                = {2015.05.20},
  Type                     = {Book}
}

@Book{Jingju-Tanwanglu-4,
  Title                    = {《京剧谈往录四编》},
  Editor                   = {中国人民政治协商会议北京市委员会文史资料委员会-编},
  Publisher                = {北京出版社},
  Year                     = {1997},

  Address                  = {北京},

  Owner                    = {Jun_Jiang},
  Timestamp                = {2015.05.20},
  Type                     = {Book}
}

@Book{Jingju-Tanwanglu-2,
  Title                    = {《京剧谈往录续编》},
  Editor                   = {中国人民政治协商会议北京市委员会文史资料委员会-编},
  Publisher                = {北京出版社},
  Year                     = {1988},

  Address                  = {北京},

  Owner                    = {Jun_Jiang},
  Timestamp                = {2015.05.20},
  Type                     = {Book}
}

@Book{Jingju-Congkan,
  Title                    = {《京剧丛刊(1-50集)》},
  Editor                   = {中国戏曲研究院-编},
  Publisher                = {上海-新文艺出版社(1-35集), 北京-中国戏曲出版社(36-50集)},
  Year                     = {1953-1959},

  Owner                    = {Jun_Jiang},
  Timestamp                = {2015.05.20},
  Type                     = {Book}
}

