# This file was created with JabRef 2.6. Encoding: CP936
@misc{OldRecords
   author = {“中国京剧老唱片”网站},
   url = {http://oldrecords.xikao.com},
   type = {Web Page}
}

@book{Jingju-Huibian-1
   author = {北京戏曲编导委员会(1-95集) and 北京市戏曲研究所(96-109集)-编},
   title = {《京剧汇编(1-109集)》},
   publisher = {北京出版社},
   address = {北京},
   series = {《京剧汇编(1-109集)》},
   year = {1957-1985},
   type = {Book}
}

@book{Chai-DaXikao
   author = {柴俊为-主编 and 吴小如-审订},
   title = {《京剧大戏考》},
   publisher = {学林出版社},
   address = {上海},
   year = {2004},
   type = {Book}
}

@book{Meng-Shuoxi
   author = {李炳莘(台湾)-编著},
   title = {《余派戏词钱氏辑粹——孟小冬说戏珍本》},
   publisher = {无出版社},
   address = {天津},
   edition = {2},
   year = {1995},
   type = {Book}
}

@book{Li-SheyiShuode
   author = {李舒-编著},
   title = {《涉艺所得》},
   publisher = {(内部刊印)},
   address = {北京},
   year = {2011},
   type = {Book}
}

@misc{Liu-Shuoxi
   author = {刘曾复},
   title = {刘曾复教授说戏系列录音},
   type = {Generic}
}

@article{ChinaOpera-01-57_1993
   author = {刘曾复},
   title = {京剧书文指伪录},
   journal = {《中国戏剧》},
   volume = {第01期},
   pages = {57},
   year = {1993},
   type = {Journal Article}
}

@article{XiquYishu-01-32_1983
   author = {刘曾复 and 王世续 and 王金彦},
   title = {京剧老生把子见闻录},
   journal = {《戏曲艺术》},
   volume = {第一期},
   pages = {32},
   year = {1983},
   type = {Journal Article}
}

@book{Liu-Xinxu-1
   author = {刘曾复-编著 and 屠楚材-记谱},
   title = {《京剧新序》},
   publisher = {燕山出版社},
   address = {北京},
   year = {1999},
   type = {Book}
}

@book{Liu-Xinxu-2
   author = {刘曾复-编著 and 屠楚材-记谱 and 娄悦、何毅-整理},
   title = {《京剧新序(修订版)》},
   publisher = {学苑出版社},
   address = {北京},
   year = {2009},
   type = {Book}
}

@book{Liu-Lianpu_1990
   author = {刘曾复-著},
   title = {京剧脸谱图说},
   publisher = {燕山出版社},
   address = {北京},
   year = {1990},
   type = {Book}
}

@book{Liu-Wencun
   author = {刘曾复-著 and 娄悦-编},
   title = {《刘曾复京剧文存》},
   publisher = {学苑出版社},
   address = {北京},
   year = {2013},
   type = {Book}
}

@book{Mei-Remember
   author = {梅兰芳-述 and 许姬传、许源来、朱家溍-记},
   title = {《梅兰芳回忆录：舞台生活四十年》},
   publisher = {团结出版社},
   address = {北京},
   year = {2006},
   type = {Book}
}

@inbook{Jinju-Huibian-2
   author = {上海传统剧目编辑委员会-编},
   title = {《传统剧目汇编》},
   booktitle = {《传统剧目汇编》},
   editor = {上海传统剧目编辑委员会},
   publisher = {上海文艺出版社},
   address = {上海},
   year = {1959-1963},
   type = {Book Section}
}

@book{Wu-Wenlu-1
   author = {吴小如-著},
   title = {《吴小如戏曲文录》},
   publisher = {北京大学出版社},
   address = {北京},
   year = {1995},
   type = {Book}
}

@book{Wu-Wenlu-2
   author = {吴小如-著},
   title = {《吴小如戏曲随笔集补编》},
   publisher = {天津古籍出版社},
   address = {天津},
   year = {2006},
   type = {Book}
}

@phdthesis{Xu-MasterThesis
   author = {徐芃},
   title = {“表演与文学——秋胡戏妻故事演变研究”},
   university = {北京大学},
   type = {硕士研究室学位论文},
   year = {2002},
   type = {Thesis}
}

@book{Jingju-Yanpai
   author = {张伟品、吴焕-编著 and 周贝来-记谱},
   title = {《言派唱腔琴谱集》},
   publisher = {人民音乐出版社},
   address = {北京},
   year = {2007},
   type = {Book}
}

@book{Jingju-Tanwanglu-2
   author = {中国人民政治协商会议北京市委员会文史资料委员会-编},
   title = {《京剧谈往录续编》},
   publisher = {北京出版社},
   address = {北京},
   year = {1988},
   type = {Book}
}

@book{Jingju-Tanwanglu-4
   author = {中国人民政治协商会议北京市委员会文史资料委员会-编},
   title = {《京剧谈往录四编》},
   publisher = {北京出版社},
   address = {北京},
   year = {1997},
   type = {Book}
}

@book{Jingju-Congkan
   author = {中国戏曲研究院-编},
   title = {《京剧丛刊(1-50集)》},
   publisher = {上海-新文艺出版社(1-35集)
北京-中国戏曲出版社(36-50集)},
   series = {《京剧丛刊(1-50集)》},
   year = {1953-1959},
   type = {Book}
}

