This file was created with JabRef 2.2b2.
Encoding: GBK
%%%%%%%%%%%%%%%%%%%%%%%%%%%%%%%%%%%%%%%%%%%%%%%%%%%%%%%%%%%%%%%%%%%%%%%%%%%%%%%%%%%%%%%%%%%%%%%%%%%%%%%%%%%%%%%%%%%%%%%%%%%%%%%%%%%%%%%%%%%%%%%%%%%%%%%%%%%%%%%%%%%%%%%%%%%%%%%%%
%%%%%%%%%%%%%%%%%%%%%%%%%%%%%%%%%%%%%%%%%%%%%%%%%%%%%%%%%        PAPERS_of_Basic_Theory            %%%%%%%%%%%%%%%%%%%%%%%%%%%%%%%%%%%%%%%%%%%%%%%%%%%%%%%%%%
@BOOK{Zhu_Tuishilu-I,
	author = {朱家溍-著},
	editor = {},
	title = {故宫退食录{\rm(上、下)}},
	publisher = {北京出版社},
	year = {1999},
	address = {北京},
	edition = {1st},
	volume = {},
	number = {},
	series = {},
	month = {},
	note = {},
	otherinfo = {}
}

@BOOK{Zhu_Tuishilu-II,
	author = {朱家溍-著},
	editor = {},
	title = {故宫退食录{\rm(上、下)}},
	publisher = {紫禁城出版社},
	year = {2009},
	address = {北京},
	edition = {2st},
	volume = {},
	number = {},
	series = {},
	month = {},
	note = {},
	otherinfo = {}
}

@BOOK{Liu_Xinxu-I,
	author = {刘曾复-编著、屠楚材-记谱},
	editor = {},
	title = {京剧新序},
	publisher = {燕山出版社},
	year = {1999},
	address = {北京},
	edition = {1st},
	volume = {},
	number = {},
	series = {},
	month = {},
	note = {},
	otherinfo = {}
}

@BOOK{Liu_Xinxu-II,
	author = {刘曾复-编著、屠楚材-记谱，娄悦、何毅-整理},
	editor = {},
	title = {京剧新序{\rm(修订版)}},
	publisher = {学苑出版社},
	year = {2009},
	address = {北京},
	edition = {2nd},
	volume = {},
	number = {},
	series = {},
	month = {},
	note = {},
	otherinfo = {}
}

@BOOK{Liu_Shuoxi,
	author = {刘曾复-传述，姜骏、樊百乐、钟锦-整理编校},
	editor = {},
	title = {刘曾复说戏剧本集},
	publisher = {华东师范大学出版社},
	year = {2015},
	address = {上海},
	edition = {1st},
	volume = {},
	number = {},
	series = {},
	month = {},
	note = {},
	otherinfo = {}
}

@BOOK{Wu_Wenlu-I,
	author = {吴小如-著},
	editor = {},
	title = {吴小如戏曲文录},
	publisher = {北京大学出版社},
	year = {1995},
	address = {北京},
	edition = {},
	volume = {},
	number = {},
	series = {},
	month = {},
	note = {},
	otherinfo = {}
}

@BOOK{Wu_Wenlu-II,
	author = {吴小如-著},
	editor = {},
	title = {吴小如戏曲随笔集补编},
	publisher = {天津古籍出版社},
	year = {2006},
	address = {天津},
	edition = {},
	volume = {},
	number = {},
	series = {},
	month = {},
	note = {},
	otherinfo = {}
}

@BOOK{PekingOpera-Dictionary,
	author = {吴同宾、周亚勋-主编},
	editor = {},
	title = {京剧知识词典},
	publisher = {天津人民出版社},
	year = {2007},
	address = {天津},
	edition = {增订版},
	volume = {},
	number = {},
	series = {},
	month = {},
	note = {},
	otherinfo = {}
}

@BOOK{CWFCQB,
	author = {首都图书馆},
	editor = {},
	title = {清车王府藏曲本(全印本)},
	publisher = {学苑出版社-编辑},
	year = {2001},
	address = {北京},
	edition = {},
	volume = {},
	number = {},
	series = {},
	month = {},
	note = {},
	otherinfo = {}
}
@ARTICLE{XQYS1-32_1983,
	author = {刘曾复、王世续、王金彦},
	title = {\CJKfamily{akai}京剧老生把子见闻录},
	journal = {戏曲艺术},
	year = {1983},
	volume = {第一期},
	number = {},
	pages = {32},
	month = {},
	note = {},
	otherinfo = {}
}

@ARTICLE{ZGXJ1-57_1993,
	author = {刘曾复},
	title = {\CJKfamily{akai}京剧书文指伪录},
	journal = {中国戏剧},
	year = {1993},
	volume = {第01期},
	number = {},
	pages = {57},
	month = {},
	note = {},
	otherinfo = {}
}

@MISC{PekingOpera-Scripts,
	author = {},
	title = {“中国京剧戏考”网站},
	howpublished = {},
	month = {},
	year = {},
	note = {},
	url  = {http://www.xikao.com},
        type = {Web Page},
	otherinfo = {}
}

@MISC{PekingOpera-OldRecords,
	author = {},
	title = {“中国京剧老唱片”网站},
	howpublished = {},
	month = {},
	year = {},
	note = {},
	url  = {http://oldrecords.xikao.com},
        type = {Web Page},
	otherinfo = {}
}

@Book{Jingju-Huibian-1,
  Title                    = {《京剧汇编\rm{(1-109集)}》},
  Author                   = {北京戏曲编导委员会(1-95集)、北京市戏曲研究所(96-109集)-编},
  Publisher                = {北京出版社},
  Year                     = {1957-1985},

  Address                  = {北京},
  Series                   = {},

  Owner                    = {Jun_Jiang},
  Timestamp                = {2015.05.20},
  Type                     = {Book}
}

@Book{Meng-Shuoxi,
  Title                    = {《余派戏词钱氏辑粹——孟小冬说戏珍本》},
  Author                   = {李炳莘(台湾)-编著},
  Publisher                = {内部出版},
  Year                     = {1995},

  Address                  = {天津},
  Edition                  = {2},

  Owner                    = {Jun_Jiang},
  Timestamp                = {2015.05.20},
  Type                     = {Book}
}

@Book{Li-SheyiSuode,
  Title                    = {《涉艺所得》},
  Author                   = {李舒-编著},
  Publisher                = {(内部刊印)},
  Year                     = {2011},

  Address                  = {北京},

  Owner                    = {Jun_Jiang},
  Timestamp                = {2015.05.20},
  Type                     = {Book}
}

@Misc{Liu-Shuoxi-Record,
  Title                    = {\CJKfamily{hei}刘曾复教授说戏系列录音},

  Author                   = {刘曾复},
  Note                     = {王汐,陈超,樊百乐,刘新阳,姜骏~整理},

  Owner                    = {Jun_Jiang},
  Timestamp                = {2015.05.20},
  Type                     = {Generic}
}

@Book{Liu-Wencun,
  Title                    = {《刘曾复京剧文存》},
  Author                   = {刘曾复-著，娄悦-编},
  Editor                   = {},
  Publisher                = {学苑出版社},
  Year                     = {2013},

  Address                  = {北京},

  Owner                    = {Jun_Jiang},
  Timestamp                = {2015.05.20},
  Type                     = {Book}
}

@Book{Liu-Lianpu,
  Title                    = {京剧脸谱图说},
  Author                   = {刘曾复-著},
  Publisher                = {燕山出版社},
  Year                     = {1990},

  Address                  = {北京},

  Owner                    = {Jun_Jiang},
  Timestamp                = {2015.05.20},
  Type                     = {Book}
}

@Book{Mei-Remember,
  Title                    = {《梅兰芳回忆录:~舞台生活四十年》},
  Author                   = {梅兰芳-述，许姬传、许源来、朱家溍-记},
  Publisher                = {团结出版社},
  Year                     = {2006},

  Address                  = {北京},

  Owner                    = {Jun_Jiang},
  Timestamp                = {2015.05.20},
  Type                     = {Book}
}

@Book{Jingju-Huibian-2,
  Title                    = {《传统剧目汇编》},
  Author                   = {上海传统剧目编辑委员会-编},
  Editor                   = {},
  Publisher                = {上海文艺出版社},
  Year                     = {1959-1963},

  Address                  = {上海},

  Owner                    = {Jun_Jiang},
  Timestamp                = {2015.05.20},
  Type                     = {Book}
}

@MastersThesis{Xu-MasterThesis,
  Title                    = {``表演与文学——秋胡戏妻故事演变研究''},
  Author                   = {徐芃},
  Year                     = {2002},
  Type                     = {硕士研究室学位论文},

  Owner                    = {Jun_Jiang},
  Timestamp                = {2015.05.20},
  University               = {北京大学}
}

@Book{Jingju-Yanpai,
  Title                    = {《言派唱腔琴谱集》},
  Author                   = {张伟品、吴焕-编著，周贝来-记谱},
  Publisher                = {人民音乐出版社},
  Year                     = {2007},

  Address                  = {北京},

  Owner                    = {Jun_Jiang},
  Timestamp                = {2015.05.20},
  Type                     = {Book}
}

@InCollection{Jingju-Huibian-3,
  Title                    = {《京剧汇编》},
  Booktitle                = {《京剧汇编\rm{(1-109集)}》},
  Publisher                = {北京出版社},
  Year                     = {1957-1985},

  Address                  = {北京},
  Editor                   = {北京戏曲编导委员会(1-95集)、北京戏曲研究所(96-109集)},
  Series                   = {109},
  Volume                   = {1-95,96-109},

  Owner                    = {Jun_Jiang},
  Timestamp                = {2015.05.20}
}

@Book{Chai-DaXikao,
       	author = {柴俊为-主编，吴小如-审订},
       	Title                    = {《京剧大戏考》},
  Editor                   = {},
  Publisher                = {学林出版社},
  Year                     = {2004},

  Address                  = {上海},
  Note                     = {},

  Owner                    = {Jun_Jiang},
  Timestamp                = {2015.05.20},
  Type                     = {Book}
}

@Book{Jingju-Tanwanglu-4,
  Title                    = {《京剧谈往录四编》},
  Author                   = {中国人民政治协商会议北京市委员会文史资料委员会-编},
  Editor                   = {},
  Publisher                = {北京出版社},
  Year                     = {1997},

  Address                  = {北京},

  Owner                    = {Jun_Jiang},
  Timestamp                = {2015.05.20},
  Type                     = {Book}
}

@Book{Jingju-Tanwanglu-2,
  Title                    = {《京剧谈往录续编》},
  Author                   = {中国人民政治协商会议北京市委员会文史资料委员会-编},
  Editor                   = {},
  Publisher                = {北京出版社},
  Year                     = {1988},

  Address                  = {北京},

  Owner                    = {Jun_Jiang},
  Timestamp                = {2015.05.20},
  Type                     = {Book}
}

@Book{Jingju-Congkan,
  Title                    = {《京剧丛刊\rm{(1-50集)}》},
  Author                   = {中国戏曲研究院-编},
  Editor                   = {},
  Publisher                = {上海-新文艺出版社(1-35集)、 北京-中国戏曲出版社(36-50集)},
  Year                     = {1953-1959},

  Owner                    = {Jun_Jiang},
  Timestamp                = {2015.05.20},
  Type                     = {Book}
}

@BOOK{Qiusheng-Collect,
	author = {中国戏曲家协会北京分会/程派艺术研究小组-编},
	editor = {},
	title = {《秋声集——程派艺术研究专集》},
	publisher = {北京出版社},
	year = {1983},
	address = {北京},
	edition = {},
	volume = {},
	number = {},
	series = {},
	month = {May},
	note = {},
	otherinfo = {}
}

@BOOK{Ma_Opera-Collect,
	author = {中国戏剧家协会-编},
	editor = {},
	title = {《马连良演出剧本选集》},
	publisher = {中国戏剧出版社},
	year = {1963},
	address = {北京},
	edition = {},
	volume = {},
	number = {},
	series = {},
	month = {January},
	note = {},
	otherinfo = {}
}

@BOOK{Zhang_Yehangchuan,
	author = {[明]-张岱(宗子)-著},
	editor = {},
	title = {《夜航船》},
	publisher = {汕头大学出版社},
	year = {2009},
	address = {广东，汕头},
	edition = {},
	volume = {},
	number = {},
	series = {},
	month = {},
	note = {},
	otherinfo = {}
}

@MISC{Zhen_Jinwan,
	author = {甄光俊},
	title = {博学多识吴同宾},
	howpublished = {《今晚报》},
	month = {April},
	year = {2006},
	note = {2006年04月30日刊登},
	otherinfo = {}
}

@BOOK{Tanmu_Manual,
	author = {宋震-主编},
	editor = {},
	title = {《稀见京昆名伶抄校本丛刊~(第一辑)》},
	publisher = {学苑出版社},
	year = {2021},
	address = {北京},
	edition = {},
	volume = {},
	number = {},
	series = {},
	month = {},
	note = {},
	otherinfo = {}
}

@BOOK{Marry,
	author = {许芳、荆绍福-主编},
	editor = {},
	title = {《老结婚证书》},
	publisher = {中国档案出版社},
	year = {2009},
	address = {北京},
	edition = {},
	volume = {},
	number = {},
	series = {},
	month = {},
	note = {},
	otherinfo = {}
}

@BOOK{YuShuyan,
	author = {刘真、文震斋、张业才-主编},
	editor = {},
	title = {《余叔岩与余派艺术》},
	publisher = {学苑出版社},
	year = {2011},
	address = {北京},
	edition = {},
	volume = {},
	number = {},
	series = {},
	month = {March},
	note = {},
	otherinfo = {}
}

@ARTICLE{WSZS2-78_2000,
	author = {吴同宾},
	title = {京剧剧名正误},
	journal = {文史知识},
	year = {2000},
	volume = {2},
	number = {},
	pages = {78},
	month = {},
	note = {},
	otherinfo = {}
}

@MISC{Recoder_Qingshishan,
	author = {朱家溍等},
	title = {《青石山》},
	howpublished = {北京市振兴京剧昆曲艺术节演出},
	month = {},
	year = {1985},
	note = {实况录像},
	otherinfo = {}
}

@BOOK{GuanYu_Opera,
	author = {李洪春、董维贤，长白雁-整理},
	editor = {},
	title = {《关羽戏集:~李洪春演出本》},
	publisher = {上海文艺出版社},
	year = {1962},
	address = {上海},
	edition = {},
	volume = {},
	number = {},
	series = {},
	month = {Novermber},
	note = {},
	otherinfo = {}
}

@BOOK{Huaian_History,
	author = {中国人民政治协商会议怀安县委员会-编},
	editor = {},
	title = {怀安县文史资料},
	publisher = {内部出版},
	year = {1993},
	address = {张家口},
	edition = {},
	volume = {},
	number = {},
	series = {},
	month = {December},
	note = {张家口市文化局-怀安县印刷厂},
	otherinfo = {}
}

